<?xml version="1.0" encoding="UTF-8"?><collection xmlns="http://www.loc.gov/MARC21/slim"><record><leader>00358nam--2200145-i-4500</leader><controlfield tag="001">000005903</controlfield><controlfield tag="002">20161230</controlfield><controlfield tag="005">20170222004055</controlfield><controlfield tag="008">060222s1000------------r-----000-0-eng-d</controlfield><datafield ind1=" " ind2=" " tag="245"><subfield code="a">Computer handbook</subfield></datafield><datafield ind1=" " ind2=" " tag="260"><subfield code="a">New York</subfield><subfield code="b">Mcgraw-hill Book Co., Inc</subfield><subfield code="c">1962</subfield></datafield><datafield ind1=" " ind2=" " tag="300"><subfield code="a">Pag. Dif</subfield></datafield><datafield ind1=" " ind2=" " tag="700"><subfield code="a">Korn, Granino A</subfield></datafield><datafield ind1=" " ind2=" " tag="852"><subfield code="a">17303</subfield></datafield><datafield ind1=" " ind2=" " tag="CAT"><subfield code="a">SYS</subfield><subfield code="c">20170222</subfield><subfield code="h">004055</subfield></datafield></record></collection>